4142 5467
890 497 1069 551 ..41-

499 674 634 740 Formas
650 673 827 738 litterarum
844 672 1070 757 perlustrando
1086 676 1220 761 primum
1238 679 1381 745 iuvenies
1405 699 1568 745 numerum

393 780 645 866 inscriptionum,
668 799 751 864 quae
768 779 925 864 praebent
941 779 1067 846 litteras
1083 783 1184 847 solnm
1202 784 1289 870 apud
1306 786 1407 851 Oscos
1424 788 1570 862 usitatas,

394 888 471 953 518
496 887 577 973 (28),
601 889 692 954 il=d
717 886 785 970 (69,
802 887 858 965 tr)
882 886 1004 968 thb),
1031 887 1145 967 1(33).
1192 890 1250 955 Η15
1274 894 1453 976 segregatis
1477 893 1569 959 rolin·

394 996 502 1080 quitur
515 994 614 1061 moles
625 1003 815 1077 ceterarum,
833 1014 968 1078 quarum
986 994 1127 1058 maxima
1142 1016 1217 1079 pars
1233 997 1354 1081 scripta
1371 1007 1419 1063 est
1436 1002 1570 1065 etruscis

349 1167 352 1172 ,
393 1104 518 1183 litteris.
554 1100 652 1180 Quasi
677 1102 858 1188 exemplum
877 1100 1033 1186 praebent
1049 1101 1111 1168 No.
1131 1104 1160 1183 1,
1176 1102 1207 1183 2,
1225 1103 1245 1165 3
1263 1101 1295 1165 15
1313 1105 1427 1185 quibus
1443 1106 1570 1171 litterae

394 1214 423 1294 b,
448 1212 481 1287 d,
505 1214 538 1291 tl,
562 1214 575 1275 t
598 1211 726 1276 omnino
752 1207 1113 1299 desuuthinveniuntur
1137 1210 1175 1289 t,
1199 1216 1253 1290 od,
1282 1205 1322 1291 9,
1342 1209 1378 1281 O
1404 1214 1455 1278 vel
1482 1218 1532 1295 Θ,
1557 1221 1571 1280 t

394 1316 480 1404 apud
497 1316 597 1384 Oscos
613 1319 754 1403 ignotae.
802 1317 944 1381 Litteras
962 1320 1050 1383 l=t
1075 1322 1107 1381 et
1130 1316 1250 1379 ltlt=as
1270 1318 1337 1398 (21,
1362 1319 1415 1401 30,
1439 1321 1494 1401 55,
1517 1323 1573 1399 56)

394 1425 480 1512 apud
498 1426 634 1493 Umbros
657 1437 689 1492 et
707 1427 860 1491 Etruscos
885 1423 1026 1507 regionis
1051 1424 1310 1510 septentrionalis
1334 1426 1366 1489 in
1391 1446 1449 1491 usu
1474 1427 1572 1509 fuisse

394 1535 520 1601 seimus.
568 1536 600 1605 rb
624 1535 693 1615 (55)
719 1540 751 1599 51
775 1530 862 1617 apud
880 1530 981 1597 Oscos
1005 1540 1038 1596 et
1058 1531 1212 1597 Etruscos
1236 1539 1268 1597 et
1292 1532 1431 1599 Umbros
1455 1534 1573 1600 frustra

395 1660 547 1728 quaeres:
572 1642 711 1708 occurrit
733 1640 863 1726 saepius
879 1642 911 1706 in
929 1641 1031 1705 titulis
1048 1641 1101 1723 qui
1119 1638 1268 1706 dicuutur
1285 1648 1411 1707 veteres
1428 1642 1573 1708 satellici

394 1752 416 1816 i.
441 1770 470 1817 e.
503 1750 673 1836 picentinis
706 1755 738 1814 et
772 1748 998 1834 praetuttianis
1033 1748 1090 1830 (51.
1115 1748 1248 1814 Deecke
1278 1747 1339 1813 Rb.
1365 1748 1445 1840 5155.
1470 1752 1510 1814 41
1541 1752 1573 1815 15

395 1858 529 1939 155515).
1197 1936 1199 1941 Ι

330 2009 400 2069 ,4-
502 1965 634 2031 Maximi
650 1986 726 2032 vero
742 1964 895 2030 momenti
911 1972 986 2031 sunt
1003 1985 1061 2031 555
1078 1966 1314 2049 inscriptiones,
1334 1954 1418 2049 quae
1434 1966 1573 2032 litteram

393 2077 417 2163 s
435 2059 601 2160 praebent,
627 2074 716 2140 euius
740 2072 800 2139 has
815 2072 937 2138 formas
954 2071 1054 2138 babes
1070 2073 1102 2137 in
1119 2072 1273 2138 vasculis:
1298 2072 1319 2141 8
1336 2076 1381 2156 (1,
1395 2074 1426 2151 2,
1440 2074 1494 2157 49,
1508 2076 1574 2158 13),

302 2185 304 2188 ·
396 2169 512 2268 gros,
540 2183 607 2265 or),
643 2173 772 2276 grae),
809 2180 918 2264 55),
953 2177 1014 2270 ras
1036 2183 1119 2263 (34).
1152 2217 1195 2227 -
1227 2180 1320 2247 Pauli
1357 2180 1410 2246 ue
1438 2182 1575 2249 reneru-

265 2279 268 2284 ’
316 2351 319 2353 .
395 2293 508 2377 5.·101
520 2311 591 2375 sqq.
616 2290 713 2375 longa
738 2292 925 2374 quaestione
943 2290 1090 2355 instituta
1107 2281 1188 2355 15155
1206 2289 1409 2355 concluserat
1434 2293 1477 2375 (p.
1499 2292 1574 2368 130)

395 2400 521 2482 signum
554 2398 575 2467 8
608 2420 670 2465 555
704 2406 779 2464 5515
812 2419 930 2463 annum
964 2396 1094 2463 circiter
1126 2396 1192 2462 300
1228 2398 1390 2462 inventum
1427 2419 1497 2465 esse
1534 2401 1574 2463 ab

396 2506 541 2571 Etruscis
573 2527 613 2571 55
646 2504 765 2572 deinde
795 2504 947 2570 traditum
978 2505 1106 2570 Umbris
1136 2510 1168 2569 et
1192 2503 1294 2571 Oscis.
1344 2503 1434 2583 erae
1467 2507 1575 2592 opinio

365 2624 367 2628 ’
395 2612 553 2679 refellitur
588 2634 659 2678 cum
695 2613 835 2679 vasculis
870 2613 986 2678 nostris
1023 2611 1090 2694 (63,
1120 2612 1175 2692 13)
1213 2618 1279 2677 turn
1315 2612 1575 2698 inscriptionibus

396 2721 531 2787 etruscis
547 2720 711 2804 aliquanto
728 2719 1004 2801 5515300155115,
1022 2714 1104 2803 quae
1118 2719 1209 2783 Pauli
1227 2720 1306 2784 miro
1322 2719 1418 2785 modo
1435 2729 1575 2807 praeter-

351 2870 354 2874 ·
397 2828 483 2895 misit
506 2829 549 2909 (5.
573 2850 621 2913 gr.
642 2827 762 2894 Antike
789 2827 926 2894 Dcnkrn.
953 2828 984 2891 ll
1009 2826 1076 2892 tab.
1093 2828 1132 2891 41
1166 2847 1207 2893 ex
1235 2828 1384 2913 sepulcro
1408 2827 1474 2894 ‘dei
1499 2829 1576 2895 tori'

297 2978 299 2982 «
361 3026 363 3028 ¹
397 2935 600 3002 VLsaeculi.
649 2934 792 3003 Of.Not.
811 2934 842 3000 d.
860 2936 949 3001 soavi
975 2935 1060 3001 1896
1084 2934 1209 3020 5484,
1234 2935 1574 3020 355151112301555,

262 3094 268 3107 ,
395 3042 481 3109 idern
504 3065 529 3110 s.
555 3044 571 3108 I
595 3043 672 3128 384,
696 3043 730 3108 II
754 3043 808 3125 86,
833 3042 980 3109 Garnurr.
998 3041 1147 3128 Appeud.
1173 3043 1227 3127 91,
1250 3042 1327 3127 385,
1351 3043 1437 3109 5155.
1458 3051 1524 3109 ant.
1543 3045 1574 3108 ll

395 3151 427 3214 iu
452 3151 603 3216 lammina
626 3151 848 3235 magliauensi,
874 3151 945 3217 OIE
973 3150 1136 3235 1312555.
1160 3150 1193 3214 15
1217 3149 1410 3216 abecedario
1434 3150 1573 3234 Clusino,

396 3277 468 3322 ann.
487 3256 519 3322 d.
536 3258 610 3321 inst.
631 3258 712 3324 1811
734 3258 799 3323 155.
817 3257 870 3338 L).
918 3256 984 3323 Sed
1001 3257 1079 3340 quid
1099 3256 1253 3334 dicamus,
1278 3255 1362 3340 quod
1386 3258 1418 3322 in
1444 3257 1574 3323 vasculo

337 3430 338 3433 ,
391 3364 636 3449 5555515111.
661 3384 685 3429 s.
710 3370 745 3428 ut
769 3362 897 3429 ridetur
921 3364 1010 3430 15515
1036 3365 1105 3446 (34)
1130 3365 1171 3430 ab
1200 3385 1257 3449 pro
1277 3366 1303 3451 s
1321 3363 1573 3449 scriptumest?

347 3481 349 3485 ‘
396 3489 587 3556 quamquam
612 3478 678 3535 turn
702 3470 766 3535 iam
791 3469 911 3535 dudum
936 3472 967 3535 in
992 3470 1097 3537 locum
1123 3471 1310 3554 antiquioris
1325 3466 1380 3558 [Η
1404 3472 1531 3555 signum
1551 3470 1572 3539 8

396 3576 569 3645 succedere
590 3584 751 3663 coeperat,
777 3576 862 3661 quod
880 3578 989 3643 nescio
1014 3598 1077 3661 quo
1092 3579 1161 3643 iure
1186 3578 1277 3643 Pauli
1303 3577 1465 3644 existimat
1489 3573 1574 3665 5515(

397 3684 654 3751 transformatum
684 3705 764 3751 esse.
812 3684 940 3750 Scimus
963 3685 1057 3750 unius
1080 3684 1221 3767 regionis
1256 3684 1377 3750 incolas
1401 3706 1572 3769 numquam

274 3788 278 3797 ’
396 3794 438 3859 vlt
461 3812 520 3879 pro
541 3795 565 3881 s
583 3791 723 3857 scribere
747 3790 892 3873 desiisse,
919 3811 990 3856 cunr
1015 3782 1573 3883 1551255551155515515155155

364 3986 369 3995 .
396 3900 526 3969 saeculo
559 3900 580 3969 8
609 3900 801 3987 seriberent:
838 3899 979 3964 Venetos
1008 3898 1065 3979 (51.
1094 3898 1186 3962 Pauli
1222 3898 1254 3963 d.
1273 3899 1412 3964 Veneter
1446 3921 1478 3985 p.
1499 3901 1573 3985 130,

397 4010 511 4077 Lattes
534 4009 564 4075 le
588 4007 747 4075 iscrizioni
783 4005 936 4093 paleolat.
967 4027 995 4090 p.
1014 4006 1056 4070 12
1084 4012 1160 4070 5515
1184 4005 1252 4085 98).
1300 4006 1499 4075 Venetumne
1535 4009 1573 4074 11-

397 4119 506 4204 gulum
542 4117 706 4186 vasculum
742 4116 809 4184 No·
833 4115 876 4179 34
911 4114 1113 4198 inscripsisse
1148 4113 1361 4179 arbitremur?
1407 4114 1574 4183 Succurrit

397 4225 503 4294 denuo
520 4226 666 4313 Dionysii
684 4222 897 4292 testimonium
914 4241 1011 4307 supra
1031 4220 1163 4285 allatum
1188 4224 1234 4306 (p.
1250 4222 1307 4302 40)
1332 4240 1395 4305 quo
1419 4220 1574 4291 discimus
1656 4275 1660 4284 .

397 4355 438 4403 ex
462 4336 593 4419 regione
616 4332 751 4401 Padaua
773 4332 795 4397 1.
819 4351 847 4397 5.
872 4330 1012 4415 ipsorum
1025 4328 1230 4412 Venetorum,
1256 4335 1405 4397 catervas
1429 4352 1449 4396 a
1474 4331 1573 4398 Celtis

397 4444 547 4529 expulsas
583 4442 614 4508 in
647 4441 857 4528 Campaniam
886 4459 915 4502 a.
946 4437 1012 4502 lere
1041 4437 1107 4501 524
1135 4436 1368 4522 immigravissc
1402 4438 1460 4521 (51.
1485 4440 1574 4509 Kato

397 4550 521 4617 'l'ombe
544 4550 717 4617 arclraielre
741 4549 774 4614 di
799 4548 899 4615 Ourna
923 4567 953 4632 p.
971 4546 1040 4626 22).
1087 4545 1169 4609 Puto
1202 4545 1301 4629 igitur
1332 4546 1573 4633 inscriptionem

396 4658 458 4727 No·
475 4658 519 4724 34
543 4658 584 4724 ab
604 4658 711 4725 incola
727 4658 876 4723 Etruriae
892 4652 1152 4739 septentrionalis
1168 4652 1288 4719 iactam
1306 4663 1351 4736 et,
1374 4661 1410 4719 ut
1433 4655 1576 4724 breviter
