4142 5467
890 453 1064 517 ..ηομ

366 644 537 726 -Velleius,
570 646 597 709 si
630 644 661 709 in
687 642 820 710 Catonis
854 642 951 708 verbo
971 637 1169 707 ‘condendi’
1191 634 1413 703 snlnnnlireris
1442 631 1568 717 signifi·

386 750 545 815 sationem
570 751 707 815 instituti
733 757 765 815 et
790 750 902 813 nnnriti
927 749 1044 813 veteris
1069 746 1130 812 loci
1155 746 1255 810 italici
1281 744 1322 808 ab
1350 741 1501 807 Etruscis,

417 904 422 912 .
495 856 586 923 Ηαοο
622 856 731 942 opinio
768 858 906 921 maxime
940 855 1150 922 confirmatur
1185 851 1368 918 testimonio
1398 847 1566 928 Hecataei,

386 961 472 1044 quod
507 960 621 1028 adbuc
648 983 751 1047 paene
787 962 989 1044 neglectum,
1025 960 1196 1026 discrimen
1228 959 1308 1024 lacit
1341 958 1438 1024 totius
1469 975 1566 1038 qrrae·

385 1069 508 1134 stionis.
557 1068 874 1134 commemoraverat
898 1067 1082 1132 Hecataeus
1105 1068 1137 1130 in
1161 1086 1257 1151 opere
1274 1066 1423 1150 Europae
1447 1074 1481 1130 ut
1503 1070 1565 1129 tra·

386 1173 467 1238 dunt
490 1171 609 1237 Suidas
645 1182 677 1237 et
706 1171 891 1256 Stephanus
922 1171 1097 1257 Byzantius
1127 1172 1241 1239 Nolam
1277 1171 1373 1234 πόλιν
1397 1170 1566 1235 Αὐσόνων.

386 1279 571 1343 Hecataeus
607 1298 677 1342 cunr
715 1278 855 1343 eirena.
881 1278 958 1361 500,
995 1286 1083 1343 certo
1118 1300 1182 1343 non
1217 1284 1289 1363 post
1313 1278 1379 1343 490
1415 1278 1466 1343 νοΙ
1501 1280 1567 1345 480

385 1384 559 1469 scripserit,
594 1391 732 1469 apparet
765 1393 841 1449 ante
865 1405 981 1449 annum
1006 1385 1194 1465 ‹tur-460,
1227 1404 1290 1467 quo
1319 1392 1461 1470 tempore
1486 1386 1567 1451 Cato

363 1476 366 1481 ’
386 1488 486 1580 tradit
510 1490 655 1577 Capuam
679 1489 734 1556 ‘ae
758 1490 896 1557 subinde
923 1486 1059 1584 Holam’
1082 1489 1229 1557 conditas
1254 1511 1324 1556 esse
1347 1492 1388 1556 ab
1412 1491 1567 1574 Etruscis,

385 1597 501 1665 Nolam
526 1597 680 1686 oppidum
698 1600 864 1664 Ausonum
890 1602 911 1664 i.
937 1619 965 1665 e.
992 1599 1145 1665 Italorum
1173 1597 1329 1663 extitisse.
1382 1596 1472 1676 Quae
1496 1620 1567 1665 eum
1619 1606 1623 1611 '

277 1755 280 1759 -
305 1749 307 1753 -
385 1706 433 1773 ita
456 1707 529 1789 sint,
554 1706 632 1791 quid
657 1713 747 1773 vetat
771 1708 940 1791 quominus
965 1714 1112 1792 putemus
1137 1705 1221 1773 idem
1247 1706 1287 1772 dc
1312 1706 1422 1793 Capua
1446 1708 1567 1773 lactum

358 1834 467 1899 esse,
491 1816 681 1901 praesertim
707 1835 779 1881 cum
797 1836 898 1902 nuper
923 1813 1061 1901 vestigia
1080 1815 1317 1897 vetustissimae
1341 1815 1485 1882 coloniae
1501 1816 1568 1881 illie

385 1923 581 1990 innotuerint
595 1926 630 2003 ¹).

493 2031 637 2097 Fuerunt
661 2032 715 2115 qui
739 2040 896 2116 negarent
920 2032 1073 2098 Etruscos
1091 2031 1170 2117 ipsis
1186 2031 1249 2096 illis
1265 2030 1471 2117 temporibus,
1496 2051 1567 2097 eum

386 2139 508 2225 proelio
543 2138 652 2205 navali
686 2138 773 2225 apud
799 2139 917 2206 Cumas
950 2140 1118 2207 commisso
1144 2142 1188 2221 (a.
1205 2141 1284 2221 414)
1319 2138 1512 2205 aCumanis
1536 2148 1567 2205 et

386 2246 600 2332 Syracusanis
633 2249 775 2333 superati
811 2255 842 2314 et
876 2269 916 2315 ex
946 2248 1025 2313 mari
1050 2267 1207 2332 campano
1230 2246 1314 2333 pulsi
1349 2255 1465 2330 essent,
1490 2247 1569 2313 satis
1667 2327 1680 2335 ·

353 2440 357 2446 ἢ
386 2353 498 2420 firmos
521 2354 622 2423 fuisse
647 2354 689 2420 ad
718 2355 812 2421 urbes
846 2353 1043 2421 condendas.
1093 2355 1191 2419 lmmo
1225 2374 1265 2420 ex
1301 2353 1362 2419 bac
1396 2375 1430 2420 re
1464 2355 1569 2421 elucet

387 2461 543 2529 Catonem
580 2470 668 2528 reete
705 2461 890 2528 tradidisse.
955 2462 1037 2530 Nam
1076 2460 1153 2546 quid
1189 2462 1294 2547 magis
1329 2482 1369 2528 ex
1405 2481 1464 2528 usn
1499 2469 1569 2528 erat

386 2570 530 2638 Etruscis
554 2591 612 2656 spe
636 2568 784 2656 deceptis
805 2569 984 2636 maritimae
1010 2568 1245 2653 dominationis,
1271 2590 1365 2654 quam
1390 2571 1568 2636 summani

297 2663 330 2709 ·’
386 2684 422 2765 ut
445 2684 562 2743 terram
588 2677 823 2763 Campanorum
858 2678 891 2742 in
927 2676 1086 2745 dicionem
1125 2698 1214 2744 suam
1250 2678 1446 2763 subigerent,
1483 2676 1568 2762 qnod

386 2786 508 2870 optime
532 2805 566 2850 se
590 2786 819 2870 impetraturos
843 2806 914 2853 esse
932 2787 994 2851 rati
1018 2793 1091 2851 sunt
1116 2785 1245 2872 oppidis
1269 2785 1461 2869 muniendis,
1486 2805 1568 2869 quac

386 2892 487 2959 fuisse
512 2891 683 2959 duodecim
702 2892 882 2959 traduntur.
917 2893 982 2960 Sed
1000 2896 1063 2959 iam
1080 2895 1177 2980 paulo
1194 2902 1269 2959 ante
1286 2916 1316 2959 a.
1333 2895 1394 2959 411
1416 2894 1569 2959 Etruscos

385 3001 418 3066 in
449 2999 656 3087 Campaniam
697 3000 853 3068 invasisse
891 3002 989 3067 tradit
1019 3003 1193 3089 Dionysius
1227 3001 1568 3083 Halicarnassensis2),

386 3116 421 3173 ut
444 3128 545 3193 nuper
569 3108 692 3188 Kar-0³)
717 3110 848 3175 monuit.
898 3109 976 3174 1111ιί
1001 3111 1099 3195 igitur
1131 3118 1256 3176 constat
1280 3108 1355 3175 inde
1383 3109 1425 3175 ab
1450 3109 1569 3173 ultimis

385 3214 470 3282 sexti
486 3216 608 3281 saeenli
633 3216 725 3283 aunis
744 3217 896 3284 Etruscos
919 3218 949 3282 in
969 3217 1179 3303 Campaniam
1196 3216 1429 3302 immigravisse
1451 3216 1569 3282 mixtos

286 3384 293 3396 ,
386 3320 516 3389 Umbris
541 3330 573 3387 et
598 3323 670 3389 aliis
694 3325 857 3407 gent-ibus.

494 3427 585 3507 Quae
618 3450 690 3495 cum
724 3432 755 3496 in
780 3433 920 3498 animum
953 3434 1166 3517 revocaveris,
1197 3432 1366 3515 intelleges
1390 3450 1453 3513 qua
1477 3450 1511 3495 re
1535 3430 1567 3494 in

386 3536 563 3623 Campania
599 3538 719 3604 nullum
756 3541 920 3607 vasculum
955 3542 996 3607 ab
1020 3542 1157 3607 Etrusco
1193 3539 1379 3625 inscriptum
1416 3538 1458 3604 sit
1493 3545 1568 3603 ante

386 3643 486 3710 finem
510 3646 593 3711 sexti
617 3647 750 3713 saeculi.
788 3649 837 3714 Ex
854 3650 955 3714 altera
979 3656 1072 3735 parte
1095 3669 1158 3715 non
1182 3646 1337 3713 babemus
1363 3643 1448 3729 quod
1475 3645 1567 3711 mire-

386 3773 456 3817 mur
479 3752 547 3819 eius
571 3755 699 3838 generis
712 3748 848 3821 'vascrrla
873 3756 1026 3821 fabricari
1050 3763 1082 3823 et
1098 3754 1227 3821 inscribi
1252 3774 1314 3819 non
1333 3751 1467 3818 desiisse
1495 3759 1569 3839 post

495 3988 522 4054 l)
541 3985 584 4042 Cf.
596 3986 720 4039 Patroni
740 3987 770 4038 in
790 3985 901 4039 Hilanii
913 3983 999 4040 Studi
1020 4002 1037 4040 e
1056 3985 1204 4039 materiali
1222 3984 1237 4039 1
1255 3986 1309 4041 298
1328 3992 1401 4041 nota
1423 3988 1465 4053 14,
1485 3986 1566 4041 idem

386 4074 1068 4144 mbffldffmwfflwmwdfflfflpffi.

492 4163 521 4231 2)
541 4162 629 4217 Dion.
643 4161 710 4215 Hal.
723 4161 777 4215 Vll
791 4162 820 4216 3:
841 4164 994 4229 ἑξηκοστῆς
1014 4166 1057 4215 καλ
1070 4162 1207 4230 τετάρτης
1220 4165 1393 4231 ὀλυμπιάδος
1404 4207 1409 4219 .
1422 4206 1447 4220 ..
1468 4167 1566 4233 Κύμην

384 4254 437 4321 τὴν
451 4254 481 4308 ἐν
494 4253 621 4317 Ὀπικοῖς
633 4251 779 4318 Ἑλληνίδα
792 4252 875 4306 πόλιν
886 4293 891 4304 .
904 4293 927 4305 ..
947 4253 1136 4319 Τυῤῥηνῶν
1149 4252 1177 4307 ol
1195 4257 1258 4321 περὶ
1277 4256 1327 4309 τόν
1343 4254 1438 4310 Ἰόνιον
1458 4257 1565 4311 κόλπον

385 4348 583 4408 κατοικοῦντες
596 4342 704 4397 ἐκεῖθέν
722 4341 748 4395 θ’
765 4343 821 4395 ὑπὸ
839 4347 901 4395 τῶν
913 4343 1024 4396 Κελτῶν
1043 4343 1242 4410 ἐξελασθέντας
1260 4348 1313 4400 σύν
1335 4347 1427 4414 χρόνῳ
1448 4350 1492 4400 καί
1513 4349 1566 4401 σὺν

384 4436 481 4499 αὐτοῖς
501 4433 644 4503 Ὀμβρικοί
662 4450 693 4487 τε
714 4436 758 4486 καΙ
778 4433 898 4486 Δαύνιοι
921 4436 965 4485 καὶ
984 4435 1082 4499 συχνοὶ
1100 4438 1161 4488 τῶν
1180 4437 1273 4490 ἄλλων
1293 4438 1441 4504 βαρβάρων
1461 4438 1564 4504 ἐπεχεί-

383 4538 475 4593 ρησαν
495 4525 619 4580 ἀνελεῖν.

494 4615 523 4681 :tl
543 4615 576 4670 ln
598 4616 674 4671 bull.
694 4616 722 4671 d.
744 4615 855 4687 paletn.
877 4612 1030 4669 trallunt
1052 4630 1077 4685 p.
1092 4614 1135 4669 22.
