4142 5467
386 1413 388 1417 .
485 1360 726 1428 Dissertationis
743 1380 818 1426 rere
836 1360 910 1426 anni
927 1358 1093 1446 praeteriti
1108 1356 1148 1423 ab
1161 1356 1273 1423 ordine
1290 1354 1551 1443 pbilosophorum

375 1466 596 1537 universitatis
614 1467 792 1536 Bonncrrsis
816 1468 972 1555 probatae
997 1468 1028 1531 in
1054 1487 1117 1551 qua
1141 1464 1182 1532 de
1199 1464 1352 1532 Oscorum
1377 1465 1553 1551 praecipue

330 1561 332 1565 ¹
376 1574 611 1662 Campanorum
641 1577 775 1664 picturis
803 1574 1034 1663 sepulcralibus
1059 1573 1157 1639 armis
1180 1573 1380 1640 vestimentis
1403 1572 1554 1657 omnique

289 1730 292 1734 ,
365 1684 463 1751 ¹cultu
480 1684 544 1769 egi,
569 1706 702 1770 parvam
720 1683 892 1749 admodum
910 1682 968 1751 sed
992 1682 1059 1749 suis
1082 1682 1201 1747 finibus
1225 1681 1403 1747 absolutam
1428 1688 1553 1768 partem

265 1865 268 1869 ,
374 1790 465 1876 prelo
489 1790 617 1856 tradere
642 1791 793 1856 constitui
818 1791 901 1857 haue
929 1789 970 1856 de
994 1789 1134 1855 vasculis
1158 1788 1190 1853 in
1214 1787 1391 1875 Campania
1414 1788 1554 1854 inuentis

376 1896 605 1963 exhibentibus
637 1897 862 1982 inscriptiones
890 1898 1027 1963 italicas,
1075 1897 1190 1964 Cetera
1218 1917 1292 1962 mox
1321 1896 1384 1963 alio
1407 1896 1478 1962 loco
1503 1916 1554 1961 me

375 2005 496 2091 publici
520 2005 599 2072 iuris
622 2005 782 2070 facturum
808 2024 877 2069 csse
901 2024 1004 2089 spero.

484 2110 714 2198 Inscriptiones
742 2109 873 2177 italicae
898 2112 1100 2177 vasculorum
1122 2132 1349 2197 campanorum
1372 2118 1446 2198 post
1470 2111 1554 2177 Lan-

376 2216 460 2283 zium
477 2240 497 2283 a
513 2217 635 2304 Lepsio
652 2218 849 2284 Momm'seno
866 2218 938 2284 aliis
955 2218 1133 2285 identidem
1151 2220 1307 2285 collectae
1322 2226 1431 2287 nostra
1447 2226 1556 2285 aetate

376 2326 482 2409 magis
506 2345 601 2410 quam
626 2347 685 2411 par
703 2332 772 2391 erat
789 2325 959 2409 neglectae
975 2333 1049 2393 sunt
1066 2346 1137 2391 cum
1154 2326 1195 2391 ab
1211 2326 1283 2393 aliis
1300 2335 1365 2393 tum
1383 2326 1556 2392 novissime

377 2454 397 2499 a
409 2433 527 2498 Planta
540 2440 572 2498 et
587 2431 762 2518 Comrayo,
776 2453 909 2517 quorum
921 2431 974 2499 hic
987 2434 1019 2497 in
1032 2433 1332 2508 librifGrammatik
1346 2434 1402 2500 der
1414 2434 1556 2501 oskisclr·

377 2540 582 2607 umbriselren
599 2540 768 2607 Dialelrte’
783 2541 846 2607 vol.
860 2542 893 2606 ΙΙ
911 2540 1091 2627 complures
1107 2547 1227 2608 temere
1243 2542 1385 2624 inseruit,
1405 2563 1485 2626 quas
1500 2549 1556 2608 aut

272 2647 275 2652 ’
376 2671 441 2716 non
453 2649 487 2714 in
499 2648 678 2736 Campania
694 2649 843 2715 inventas
860 2669 930 2716 esse
947 2655 1074 2716 eonstat
1089 2652 1126 2732 ¹),
1150 2656 1205 2715 aut
1221 2671 1303 2735 qnae
1319 2670 1456 2734 graecae
1472 2656 1556 2731 suut,

377 2777 440 2824 non
456 2757 587 2823 italicae
599 2759 636 2842 ²),
650 2756 794 2843 Conway
807 2758 953 2841 quamvis
968 2757 1136 2823 nonnullas
1149 2757 1311 2824 addiderit
1324 2765 1428 2823 tamen
1442 2758 1556 2843 etipse

361 2865 494 2931 multas
510 2863 618 2931 omisit
634 2871 666 2930 et
683 2883 749 2946 eas,
774 2883 855 2947 quas
872 2862 1014 2948 exhibet,
1040 2865 1119 2930 satis
1135 2864 1341 2949 indiligenter
1360 2864 1462 2930 edidit
1486 2864 1556 2929 sub·

314 3038 317 3042 ,
377 2973 486 3039 mixtis
503 2972 611 3037 multis
628 2978 775 3058 typorum
795 2972 964 3037 cruoribus.
1005 2971 1143 3037 Accedit
1159 2971 1244 3056 quod
1262 2971 1394 3038 editoris
1410 2972 1554 3037 officium

377 3078 694 3165 molisdigcrendae
723 3084 755 3145 et
780 3077 979 3144 ordinandae
1003 3080 1099 3166 plane
1123 3080 1276 3165 neglexit,
1309 3086 1343 3144 ut
1367 3100 1469 3165 vagus
1493 3078 1556 3143 bue

289 3202 291 3205 ‘
377 3188 454 3253 illue
487 3208 544 3274 per
573 3186 636 3252 duo
666 3186 829 3253 volumina
857 3194 889 3252 et
917 3188 950 3252 in
979 3187 1065 3254 notis
1094 3195 1126 3254 et
1154 3188 1185 3253 in
1215 3186 1394 3274 appendice
1425 3186 1556 3252 circum·

311 3356 318 3368 ,
373 3294 495 3381 agaris.
543 3294 662 3361 Variae
685 3294 841 3360 lectiones
865 3295 993 3360 omnino
1018 3283 1252 3362 desiderantur.
1312 3329 1315 3336 ·

485 3400 576 3481 Quae
593 3422 665 3468 cum
687 3403 734 3468 ita
757 3402 822 3469 sint
846 3423 965 3488 operae
989 3403 1126 3490 pretium
1151 3402 1228 3468 mibi
1253 3402 1473 3468 videturesse
1497 3400 1557 3467 bas

377 3509 599 3595 inscriptiones
618 3509 783 3592 aliquanto
809 3515 922 3575 auctas
947 3509 1137 3595 corpusculo
1162 3506 1445 3593 comprehendere,
1470 3505 1556 3591 quod

378 3615 581 3684 auxiliarium
600 3615 690 3698 quasi
709 3614 848 3680 addatur
864 3615 906 3680 ad
924 3617 1028 3681 Paulii
1054 3637 1170 3703 corpus
1193 3615 1433 3701 inscriptionum
1458 3621 1556 3680 etrus-

314 3811 317 3816 ·
378 3745 498 3809 earum,
523 3723 613 3789 euius
637 3720 744 3788 adbuc
762 3724 898 3807 primum
924 3730 1046 3788 tantum
1071 3723 1219 3787 volumen
1241 3724 1274 3786 in
1298 3722 1400 3788 luecm
1424 3720 1556 3808 prodiit.

485 3833 523 3897 In
553 3828 689 3897 edendis
718 3829 980 3915 inscriptionibus
1009 3821 1088 3913 quas
1117 3830 1187 3915 ipse
1206 3831 1393 3896 examinare
1416 3829 1557 3896 nondum

378 3940 478 4027 potui,
495 3959 571 4005 usus
587 3959 655 4005 surm
674 3936 859 4003 auctoribus
877 3957 971 4020 quam
990 3936 1200 4021 fidelissimis,
1225 3957 1266 4003 ex
1283 3938 1397 4021 quibus
1413 3937 1557 4023 singulas

377 4084 593 4095 .-....-...--

486 4171 514 4241 1)
533 4170 640 4225 Planta
653 4168 707 4225 No.
721 4169 788 4225 1771
802 4185 841 4224 ex
852 4167 975 4225 Samnio
990 4170 1026 4223 ef.
1040 4169 1175 4225 Fabretti
1189 4168 1395 4239 0111012890,
1414 4171 1467 4226 No.
1481 4173 1557 4226 liio

379 4278 418 4318 ex
437 4260 577 4331 sepulcro
592 4258 762 4315 Cornetano
783 4259 819 4313 cl.
834 4259 937 4312 annali
953 4259 1002 4313 del
1015 4260 1084 4314 inst.
1100 4260 1178 4329 1835,
1193 4261 1252 4328 lit,
1275 4260 1328 4315 No.
1345 4263 1394 4317 lat
1405 4263 1443 4316 lrlr
1457 4262 1559 4317 l‘rrlcis

380 4352 416 4406 ct.
431 4348 559 4406 Cersson
580 4348 608 4402 d.
628 4347 695 4419 Spr.
715 4348 742 4403 d.
763 4348 884 4403 Etruslr.
905 4348 917 4402 1
937 4348 998 4418 999,
1018 4348 1073 4405 Νο.
1088 4349 1139 4406 lta
1150 4366 1209 4404 mm
1229 4366 1268 4405 ex
1282 4350 1404 4406 Etruria
1423 4354 1461 4406 ct.
1476 4351 1559 4407 Furt-

378 4439 533 4510 waenglcr
561 4437 732 4494 Besehreib.
760 4436 787 4494 d.
807 4437 1025 4493 Vasensamml.
1050 4440 1069 4493 i.
1092 4437 1216 4511 Antiqu.
1241 4441 1260 4495 i.
1279 4439 1380 4497 Berlin
1404 4440 1459 4499 No.
1479 4442 1559 4513 4091,

377 4530 432 4587 No.
446 4529 497 4584 177
509 4544 549 4583 nn
570 4527 666 4584 Caere
686 4529 723 4583 cf.
744 4528 855 4584 Furtw.
875 4528 954 4583 4090,

484 4618 514 4691 2)
534 4617 643 4674 Planta
662 4619 745 4675 17711
766 4618 933 4674 et.Fu1·tw.
953 4618 1032 4675 9611,
